@book{Szwarcfiter2010,
  title={Estruturas de dados e seus algoritmos (3a. ed.).},
  author={Szwarcfiter, J.L. and Markenzon, L.},
  isbn={9788521629948},
  year={2010},
  publisher={Grupo Gen - LTC}
}
